<record><leader>00000cas a22000007a 4500</leader><controlfield tag="001">15239568</controlfield><controlfield tag="008">870225d18901894inuwr ne      0    0eng d</controlfield><datafield ind1=" " ind2=" " tag="010"><subfield code="a">sn 87055145 </subfield></datafield><datafield ind1=" " ind2=" " tag="040"><subfield code="a">NPI</subfield><subfield code="b">eng</subfield><subfield code="c">NPI</subfield><subfield code="d">OCL</subfield><subfield code="d">OCLCQ</subfield></datafield><datafield ind1=" " ind2=" " tag="042"><subfield code="a">msc</subfield></datafield><datafield ind1="0" ind2="4" tag="245"><subfield code="a">The Wabash incidentist.</subfield></datafield><datafield ind1=" " ind2=" " tag="260"><subfield code="a">Montezuma, Parke Co., Ind. :</subfield><subfield code="b">E.K. Burkett</subfield></datafield><datafield ind1=" " ind2=" " tag="310"><subfield code="a">Weekly</subfield></datafield><datafield ind1="1" ind2=" " tag="362"><subfield code="a">Began in Nov. 1890; ceased in 1894?</subfield></datafield><datafield ind1=" " ind2=" " tag="588"><subfield code="a">Description based on: New ser., v. 1, no. 5 (Dec. 6, 1890).</subfield></datafield><datafield ind1=" " ind2=" " tag="752"><subfield code="a">United States</subfield><subfield code="b">Indiana</subfield><subfield code="c">Parke</subfield><subfield code="d">Montezuma.</subfield></datafield><datafield ind1="0" ind2="0" tag="780"><subfield code="t">Montezuma reporter</subfield><subfield code="w">(DLC)sn 87055144</subfield></datafield></record>